@book{mitchell:2018,
  author    = {Mitchell,Barbara A.},
  year      = {2018},
  title     = {Family Matters, Third Edition: An Introduction to Family Sociology in Canada},
  publisher = {Canadian Scholars},
  address   = {Toronto},
  edition   = {3},
  keywords  = {Families-Canada-Textbooks},
  isbn      = {9781773380216;1773380214;},
  language  = {English}
}

@misc{modern_family_coal_digger:2009,
  author       = {Lloyd, Christoper, and Levitan, Steven},
  series       = {Modern Family},
  publisher    = {ABC},
  howpublished = {TV Series},
  title        = {Coal Digger},
  year         = {2009}
}

@misc{modern_family_pilot:2009,
  series       = {Modern Family},
  publisher    = {ABC},
  howpublished = {TV Series},
  title        = {Pilot},
  year         = {2009},
  author       = {Lloyd, Christoper, and Levitan, Steven}
}


@misc{modern_family_fizbo:2009,
  series       = {Modern Family},
  publisher    = {ABC},
  howpublished = {TV Series},
  title        = {Fizbo},
  year         = {2009},
  author       = {Lloyd, Christoper, and Levitan, Steven}
}


@misc{modern_family_fears:2009,
  series       = {Modern Family},
  publisher    = {ABC},
  howpublished = {TV Series},
  title        = {Fears},
  year         = {2009},
  author       = {Lloyd, Christoper, and Levitan, Steven}
}

@misc{modern_family_tbt:2009,
  series       = {Modern Family},
  publisher    = {ABC},
  howpublished = {TV Series},
  title        = {Truth Be Told},
  year         = {2009},
  author       = {Lloyd, Christoper, and Levitan, Steven}
}



@misc{modern_family_come_fly_with_me:2009,
  series       = {Modern Family},
  publisher    = {ABC},
  howpublished = {TV Series},
  title        = {Come Fly With Me},
  year         = {2009},
  author       = {Lloyd, Christoper, and Levitan, Steven}
}

@misc{modern_family_the_bicycle_thief:2009,
  series       = {Modern Family},
  publisher    = {ABC},
  howpublished = {TV Series},
  title        = {The Bicycle Thief},
  year         = {2009},
  author       = {Lloyd, Christoper, and Levitan, Steven}
}

@misc{modern_family_the_kiss:2009,
  series       = {Modern Family},
  publisher    = {ABC},
  howpublished = {TV Series},
  title        = {The Kiss},
  year         = {2009},
  author       = {Lloyd, Christoper, and Levitan, Steven}
}

@misc{modern_family_moon_landing:2009,
  series       = {Modern Family},
  publisher    = {ABC},
  howpublished = {TV Series},
  title        = {Moon Landing},
  year         = {2009},
  author       = {Lloyd, Christoper, and Levitan, Steven}
}

@misc{modern_family_moon_benched:2009,
  series       = {Modern Family},
  publisher    = {ABC},
  howpublished = {TV Series},
  title        = {Benched},
  year         = {2009},
  author       = {Lloyd, Christoper, and Levitan, Steven}
}

@misc{modern_family_moon_plugged:2009,
  series       = {Modern Family},
  publisher    = {ABC},
  howpublished = {TV Series},
  title        = {Unplugged},
  year         = {2009},
  author       = {Lloyd, Christoper, and Levitan, Steven}
}

@article{bauer2022examining,
  title     = {Examining the economic status of same-gender relationship households},
  author    = {Bauer, Lauren and Clevenstine, Veronica and Macklin, Moriah},
  year      = {2022},
  publisher = {Brookings Institution}
}



@article{brownell2016prosocial,
  title     = {Prosocial behavior in infancy: The role of socialization},
  author    = {Brownell, Celia A and Early Social Development Research Lab},
  journal   = {Child Development Perspectives},
  volume    = {10},
  number    = {4},
  pages     = {222--227},
  year      = {2016},
  publisher = {Wiley Online Library}
}

@article{mirabelli2018s,
  title   = {What's in a name? Defining family in a diverse society},
  author  = {Mirabelli, Alan},
  journal = {The Vanier Institute of the Family/L'Institut Vanier de La Famille},
  year    = {2018}
}

@misc{sexuality_lecture,
  author       = {Alexander, Alyssa},
  institution  = {University of British Columbia},
  journal      = {SOCI 200},
  howpublished = {University Lecture},
  title        = {Sexuality},
  year         = {2024}
}


@misc{social_class_lecture,
  author       = {Alexander, Alyssa},
  institution  = {University of British Columbia},
  journal      = {SOCI 200},
  howpublished = {University Lecture},
  title        = {Social Class \& Families},
  year         = {2024}
}

@article{stammwitz2021public,
  title     = {A public context with higher minority stress for LGBTQ* couples decreases the enjoyment of public displays of affection},
  author    = {Stammwitz, Michelle and Wessler, Janet},
  journal   = {PloS one},
  volume    = {16},
  number    = {11},
  pages     = {e0259102},
  year      = {2021},
  publisher = {Public Library of Science San Francisco, CA USA}
}